
<marc:record><marc:leader>02078nam a2200445Ii 4500</marc:leader>
<marc:controlfield tag="001">001111606</marc:controlfield>
<marc:controlfield tag="005">20191212103516.0</marc:controlfield><marc:controlfield tag="006">m     o  d f      </marc:controlfield><marc:controlfield tag="007">cr |||||||||||</marc:controlfield><marc:controlfield tag="008">191212s2019    vauab   ob   f000 0 eng d</marc:controlfield><marc:datafield tag="035" ind1=" " ind2=" "><marc:subfield code="a">(OCoLC)1130588594</marc:subfield></marc:datafield><marc:datafield tag="040" ind1=" " ind2=" "><marc:subfield code="a">GPO</marc:subfield><marc:subfield code="b">eng</marc:subfield><marc:subfield code="e">rda</marc:subfield><marc:subfield code="e">pn</marc:subfield><marc:subfield code="c">GPO</marc:subfield></marc:datafield><marc:datafield tag="043" ind1=" " ind2=" "><marc:subfield code="a">n-us-il</marc:subfield></marc:datafield><marc:datafield tag="074" ind1=" " ind2=" "><marc:subfield code="a">0624-B-02 (online)</marc:subfield></marc:datafield><marc:datafield tag="086" ind1="0" ind2=" "><marc:subfield code="a">I 19.42/4-4:2019-5078</marc:subfield></marc:datafield><marc:datafield tag="100" ind1="1" ind2=" "><marc:subfield code="a">Gahala, Amy M.,</marc:subfield><marc:subfield code="e">author.</marc:subfield></marc:datafield><marc:datafield tag="245" ind1="1" ind2="0"><marc:subfield code="a">Hydrologic balance, water quality, chemical-mass balance, and geochemical modeling of hyperalkaline ponds at Big Marsh, Chicago, Illinois, 2016-17 /</marc:subfield><marc:subfield code="c">by Amy M. Gahala, Robert R. Seal, and Nadine M. Piatak.</marc:subfield></marc:datafield><marc:datafield tag="264" ind1=" " ind2="1"><marc:subfield code="a">Reston, Virginia :</marc:subfield><marc:subfield code="b">U.S. Department of the Interior, U.S. Geological Survey,</marc:subfield><marc:subfield code="c">2019.</marc:subfield></marc:datafield><marc:datafield tag="300" ind1=" " ind2=" "><marc:subfield code="a">1 online resource (vi, 31 pages) :</marc:subfield><marc:subfield code="b">color illustrations, color maps.</marc:subfield></marc:datafield><marc:datafield tag="336" ind1=" " ind2=" "><marc:subfield code="a">text</marc:subfield><marc:subfield code="b">txt</marc:subfield><marc:subfield code="2">rdacontent</marc:subfield></marc:datafield><marc:datafield tag="337" ind1=" " ind2=" "><marc:subfield code="a">computer</marc:subfield><marc:subfield code="b">c</marc:subfield><marc:subfield code="2">rdamedia</marc:subfield></marc:datafield><marc:datafield tag="338" ind1=" " ind2=" "><marc:subfield code="a">online resource</marc:subfield><marc:subfield code="b">cr</marc:subfield><marc:subfield code="2">rdacarrier</marc:subfield></marc:datafield><marc:datafield tag="490" ind1="1" ind2=" "><marc:subfield code="a">Scientific investigations report,</marc:subfield><marc:subfield code="x">2328-0328 ;</marc:subfield><marc:subfield code="v">2019-5078</marc:subfield></marc:datafield><marc:datafield tag="500" ind1=" " ind2=" "><marc:subfield code="a">&quot;Prepared in cooperation with the U.S. Environmental Protection Agency, Brownfields Program, and in collaboration with the City of Chicago's Park District.&quot;</marc:subfield></marc:datafield><marc:datafield tag="504" ind1=" " ind2=" "><marc:subfield code="a">Includes bibliographical references.</marc:subfield></marc:datafield><marc:datafield tag="588" ind1=" " ind2=" "><marc:subfield code="a">Description based on online resource; title from PDF title page (USGS, viewed on December 4, 2019).</marc:subfield></marc:datafield><marc:datafield tag="650" ind1=" " ind2="0"><marc:subfield code="a">Groundwater flow</marc:subfield><marc:subfield code="z">Illinois</marc:subfield><marc:subfield code="z">Chicago</marc:subfield><marc:subfield code="x">Observations.</marc:subfield></marc:datafield><marc:datafield tag="650" ind1=" " ind2="0"><marc:subfield code="a">Water quality</marc:subfield><marc:subfield code="z">Illinois</marc:subfield><marc:subfield code="z">Chicago</marc:subfield><marc:subfield code="x">Observations.</marc:subfield></marc:datafield><marc:datafield tag="650" ind1=" " ind2="0"><marc:subfield code="a">Geochemical modeling</marc:subfield><marc:subfield code="z">Illinois</marc:subfield><marc:subfield code="z">Chicago.</marc:subfield></marc:datafield><marc:datafield tag="650" ind1=" " ind2="0"><marc:subfield code="a">Water chemistry</marc:subfield><marc:subfield code="z">Illinois</marc:subfield><marc:subfield code="z">Chicago</marc:subfield><marc:subfield code="x">Observations.</marc:subfield></marc:datafield><marc:datafield tag="700" ind1="1" ind2=" "><marc:subfield code="a">Seal, Robert R.,</marc:subfield><marc:subfield code="e">author.</marc:subfield></marc:datafield><marc:datafield tag="700" ind1="1" ind2=" "><marc:subfield code="a">Piatak, Nadine M.,</marc:subfield><marc:subfield code="d">1975-</marc:subfield><marc:subfield code="e">author.</marc:subfield></marc:datafield><marc:datafield tag="710" ind1="2" ind2=" "><marc:subfield code="a">Geological Survey (U.S.),</marc:subfield><marc:subfield code="e">issuing body.</marc:subfield></marc:datafield><marc:datafield tag="830" ind1=" " ind2="0"><marc:subfield code="a">Scientific investigations report ;</marc:subfield><marc:subfield code="v">2019-5078.</marc:subfield></marc:datafield><marc:datafield tag="856" ind1="4" ind2="0"><marc:subfield code="u">https://purl.fdlp.gov/GPO/gpo129512</marc:subfield></marc:datafield><marc:datafield tag="856" ind1="4" ind2=" "><marc:subfield code="z">Address at time of PURL creation</marc:subfield><marc:subfield code="u">https://pubs.er.usgs.gov/publication/sir20195078</marc:subfield></marc:datafield><marc:datafield tag="994" ind1=" " ind2=" "><marc:subfield code="a">C0</marc:subfield><marc:subfield code="b">GPO</marc:subfield></marc:datafield><marc:datafield tag="049" ind1=" " ind2=" "><marc:subfield code="a">XZL4</marc:subfield></marc:datafield><marc:datafield tag="922" ind1=" " ind2=" "><marc:subfield code="a">DOCDISCOVERY</marc:subfield></marc:datafield><marc:datafield tag="955" ind1=" " ind2=" "><marc:subfield code="a">bc53 20191212</marc:subfield><marc:subfield code="b">20191212</marc:subfield></marc:datafield></marc:record>