
<marc:record><marc:leader>02537cam a2200517 i 4500</marc:leader>
<marc:controlfield tag="001">001111993</marc:controlfield>
<marc:controlfield tag="005">20191219154024.0</marc:controlfield><marc:controlfield tag="006">m     o  d f      </marc:controlfield><marc:controlfield tag="007">cr bn||||||ada</marc:controlfield><marc:controlfield tag="008">101107s1998    nhua    ob   f000 0 eng c</marc:controlfield><marc:datafield tag="019" ind1=" " ind2=" "><marc:subfield code="a">622655584</marc:subfield><marc:subfield code="a">984765987</marc:subfield></marc:datafield><marc:datafield tag="035" ind1=" " ind2=" "><marc:subfield code="a">(OCoLC)679322221</marc:subfield><marc:subfield code="z">(OCoLC)622655584</marc:subfield><marc:subfield code="z">(OCoLC)984765987</marc:subfield></marc:datafield><marc:datafield tag="040" ind1=" " ind2=" "><marc:subfield code="a">OCLCE</marc:subfield><marc:subfield code="b">eng</marc:subfield><marc:subfield code="e">rda</marc:subfield><marc:subfield code="e">pn</marc:subfield><marc:subfield code="c">OCLCE</marc:subfield><marc:subfield code="d">OCLCQ</marc:subfield><marc:subfield code="d">OCLCF</marc:subfield><marc:subfield code="d">OCLCO</marc:subfield><marc:subfield code="d">OCLCQ</marc:subfield><marc:subfield code="d">COP</marc:subfield><marc:subfield code="d">GPO</marc:subfield></marc:datafield><marc:datafield tag="042" ind1=" " ind2=" "><marc:subfield code="a">pcc</marc:subfield></marc:datafield><marc:datafield tag="043" ind1=" " ind2=" "><marc:subfield code="a">n-us-nh</marc:subfield></marc:datafield><marc:datafield tag="074" ind1=" " ind2=" "><marc:subfield code="a">0624-B-05 (online)</marc:subfield></marc:datafield><marc:datafield tag="086" ind1="0" ind2=" "><marc:subfield code="a">I 19.42/4:98-4183</marc:subfield></marc:datafield><marc:datafield tag="100" ind1="1" ind2=" "><marc:subfield code="a">Johnson, Carole D.,</marc:subfield><marc:subfield code="e">author.</marc:subfield></marc:datafield><marc:datafield tag="245" ind1="1" ind2="0"><marc:subfield code="a">Lithology and fracture characterization from drilling investigations in the Mirror Lake Area, Grafton County, New Hampshire /</marc:subfield><marc:subfield code="c">by Carole D. Johnson and Alicia H. Dunstan.</marc:subfield></marc:datafield><marc:datafield tag="264" ind1=" " ind2="1"><marc:subfield code="a">Pembroke, New Hampshire :</marc:subfield><marc:subfield code="b">U.S. Department of the Interior, U.S. Geological Survey,</marc:subfield><marc:subfield code="c">1998.</marc:subfield></marc:datafield><marc:datafield tag="300" ind1=" " ind2=" "><marc:subfield code="a">1 online resource (iv, 211 pages) :</marc:subfield><marc:subfield code="b">illustrations (some color).</marc:subfield></marc:datafield><marc:datafield tag="336" ind1=" " ind2=" "><marc:subfield code="a">text</marc:subfield><marc:subfield code="b">txt</marc:subfield><marc:subfield code="2">rdacontent</marc:subfield></marc:datafield><marc:datafield tag="337" ind1=" " ind2=" "><marc:subfield code="a">computer</marc:subfield><marc:subfield code="b">c</marc:subfield><marc:subfield code="2">rdamedia</marc:subfield></marc:datafield><marc:datafield tag="338" ind1=" " ind2=" "><marc:subfield code="a">online resource</marc:subfield><marc:subfield code="b">cr</marc:subfield><marc:subfield code="2">rdacarrier</marc:subfield></marc:datafield><marc:datafield tag="490" ind1="1" ind2=" "><marc:subfield code="a">Water-resources investigations report ;</marc:subfield><marc:subfield code="v">98-4183</marc:subfield></marc:datafield><marc:datafield tag="500" ind1=" " ind2=" "><marc:subfield code="a">&quot;Toxic Substance Hydrology Program.&quot;</marc:subfield></marc:datafield><marc:datafield tag="588" ind1=" " ind2=" "><marc:subfield code="a">Description based on online resource, PDF version; title from title page (USGS, viewed November 7, 2010).</marc:subfield></marc:datafield><marc:datafield tag="504" ind1=" " ind2=" "><marc:subfield code="a">Includes bibliographical references (pages 38-41).</marc:subfield></marc:datafield><marc:datafield tag="650" ind1=" " ind2="0"><marc:subfield code="a">Geology</marc:subfield><marc:subfield code="z">New Hampshire</marc:subfield><marc:subfield code="z">Mirror Lake (Grafton County)</marc:subfield></marc:datafield><marc:datafield tag="650" ind1=" " ind2="0"><marc:subfield code="a">Rocks</marc:subfield><marc:subfield code="x">Fracture.</marc:subfield></marc:datafield><marc:datafield tag="650" ind1=" " ind2="0"><marc:subfield code="a">Borings</marc:subfield><marc:subfield code="z">New Hampshire</marc:subfield><marc:subfield code="z">Mirror Lake (Grafton County)</marc:subfield></marc:datafield><marc:datafield tag="650" ind1=" " ind2="0"><marc:subfield code="a">Hydrogeology</marc:subfield><marc:subfield code="z">New Hampshire</marc:subfield><marc:subfield code="z">Mirror Lake (Grafton County)</marc:subfield></marc:datafield><marc:datafield tag="650" ind1=" " ind2="0"><marc:subfield code="a">Petrology</marc:subfield><marc:subfield code="z">New Hampshire</marc:subfield><marc:subfield code="z">Mirror Lake (Grafton County)</marc:subfield></marc:datafield><marc:datafield tag="650" ind1=" " ind2="7"><marc:subfield code="a">Geology.</marc:subfield><marc:subfield code="2">fast</marc:subfield><marc:subfield code="0">(OCoLC)fst00940627</marc:subfield></marc:datafield><marc:datafield tag="650" ind1=" " ind2="7"><marc:subfield code="a">Rocks</marc:subfield><marc:subfield code="x">Fracture.</marc:subfield><marc:subfield code="2">fast</marc:subfield><marc:subfield code="0">(OCoLC)fst01099432</marc:subfield></marc:datafield><marc:datafield tag="651" ind1=" " ind2="7"><marc:subfield code="a">New Hampshire</marc:subfield><marc:subfield code="z">Mirror Lake (Grafton County)</marc:subfield><marc:subfield code="2">fast</marc:subfield><marc:subfield code="0">(OCoLC)fst01316243</marc:subfield></marc:datafield><marc:datafield tag="700" ind1="1" ind2=" "><marc:subfield code="a">Dunstan, Alicia H.,</marc:subfield><marc:subfield code="e">author.</marc:subfield></marc:datafield><marc:datafield tag="710" ind1="2" ind2=" "><marc:subfield code="a">U.S. Geological Survey Toxic Substances Hydrology Program.</marc:subfield></marc:datafield><marc:datafield tag="710" ind1="2" ind2=" "><marc:subfield code="a">Geological Survey (U.S.),</marc:subfield><marc:subfield code="e">issuing body.</marc:subfield></marc:datafield><marc:datafield tag="776" ind1="0" ind2="8"><marc:subfield code="i">Print version:</marc:subfield><marc:subfield code="a">Johnson, Carole D.</marc:subfield><marc:subfield code="t">Lithology and fracture characterization from drilling investigations in the Mirror Lake Area, Grafton County, New Hampshire</marc:subfield><marc:subfield code="w">(OCoLC)40739128</marc:subfield></marc:datafield><marc:datafield tag="830" ind1=" " ind2="0"><marc:subfield code="a">Water-resources investigations report ;</marc:subfield><marc:subfield code="v">98-4183.</marc:subfield></marc:datafield><marc:datafield tag="856" ind1="4" ind2="0"><marc:subfield code="u">https://purl.fdlp.gov/GPO/gpo127096</marc:subfield></marc:datafield><marc:datafield tag="856" ind1="4" ind2=" "><marc:subfield code="z">Address at time of PURL creation</marc:subfield><marc:subfield code="u">https://pubs.usgs.gov/wri/1998/4183/report.pdf</marc:subfield></marc:datafield><marc:datafield tag="994" ind1=" " ind2=" "><marc:subfield code="a">C0</marc:subfield><marc:subfield code="b">GPO</marc:subfield></marc:datafield><marc:datafield tag="049" ind1=" " ind2=" "><marc:subfield code="a">XZL4</marc:subfield></marc:datafield><marc:datafield tag="955" ind1=" " ind2=" "><marc:subfield code="a">CATPART ; CSM ; bc48 20191219</marc:subfield><marc:subfield code="b">20191219</marc:subfield></marc:datafield></marc:record>