
<marc:record><marc:leader>02152nam a2200505Ii 4500</marc:leader>
<marc:controlfield tag="001">001113396</marc:controlfield>
<marc:controlfield tag="005">20200122123656.0</marc:controlfield><marc:controlfield tag="006">m     o  d f      </marc:controlfield><marc:controlfield tag="007">cr |||||||||||</marc:controlfield><marc:controlfield tag="008">200122s2008    couab   ob   f000 0 eng d</marc:controlfield><marc:datafield tag="035" ind1=" " ind2=" "><marc:subfield code="a">(OCoLC)1137260726</marc:subfield></marc:datafield><marc:datafield tag="040" ind1=" " ind2=" "><marc:subfield code="a">GPO</marc:subfield><marc:subfield code="b">eng</marc:subfield><marc:subfield code="e">rda</marc:subfield><marc:subfield code="e">pn</marc:subfield><marc:subfield code="c">GPO</marc:subfield></marc:datafield><marc:datafield tag="043" ind1=" " ind2=" "><marc:subfield code="a">n-us---</marc:subfield></marc:datafield><marc:datafield tag="074" ind1=" " ind2=" "><marc:subfield code="a">0646-R (online)</marc:subfield></marc:datafield><marc:datafield tag="086" ind1="0" ind2=" "><marc:subfield code="a">I 29.89:2008/060</marc:subfield></marc:datafield><marc:datafield tag="100" ind1="1" ind2=" "><marc:subfield code="a">Magdalene, Suzanne,</marc:subfield><marc:subfield code="e">author.</marc:subfield></marc:datafield><marc:datafield tag="245" ind1="1" ind2="0"><marc:subfield code="a">Large rivers water quality monitoring protocol :</marc:subfield><marc:subfield code="b">Great Lakes Inventory and Monitoring Network /</marc:subfield><marc:subfield code="c">prepared by Suzanne Magdalene and Daniel Engstrom, and Joan Elias.</marc:subfield></marc:datafield><marc:datafield tag="246" ind1="3" ind2="0"><marc:subfield code="a">Great Lakes inventory and monitoring network</marc:subfield></marc:datafield><marc:datafield tag="250" ind1=" " ind2=" "><marc:subfield code="a">Version 1.0.</marc:subfield></marc:datafield><marc:datafield tag="264" ind1=" " ind2="1"><marc:subfield code="a">Fort Collins, Colorado :</marc:subfield><marc:subfield code="b">U.S. Department of the Interior, National Park Service, Natural Resources Program Center,</marc:subfield><marc:subfield code="c">2008.</marc:subfield></marc:datafield><marc:datafield tag="300" ind1=" " ind2=" "><marc:subfield code="a">1 online resource (approximately 310 pages) :</marc:subfield><marc:subfield code="b">color illustrations, color maps.</marc:subfield></marc:datafield><marc:datafield tag="336" ind1=" " ind2=" "><marc:subfield code="a">text</marc:subfield><marc:subfield code="b">txt</marc:subfield><marc:subfield code="2">rdacontent</marc:subfield></marc:datafield><marc:datafield tag="337" ind1=" " ind2=" "><marc:subfield code="a">computer</marc:subfield><marc:subfield code="b">c</marc:subfield><marc:subfield code="2">rdamedia</marc:subfield></marc:datafield><marc:datafield tag="338" ind1=" " ind2=" "><marc:subfield code="a">online resource</marc:subfield><marc:subfield code="b">cr</marc:subfield><marc:subfield code="2">rdacarrier</marc:subfield></marc:datafield><marc:datafield tag="490" ind1="1" ind2=" "><marc:subfield code="a">Natural resource report ;</marc:subfield><marc:subfield code="v">NPS/GLKN/NRR--2008/060</marc:subfield></marc:datafield><marc:datafield tag="500" ind1=" " ind2=" "><marc:subfield code="a">&quot;NPS D-82, August 2008&quot;--Page ii.</marc:subfield></marc:datafield><marc:datafield tag="500" ind1=" " ind2=" "><marc:subfield code="a">&quot;Experience your America&quot;--Page 4 of cover.</marc:subfield></marc:datafield><marc:datafield tag="504" ind1=" " ind2=" "><marc:subfield code="a">Includes bibliographical references.</marc:subfield></marc:datafield><marc:datafield tag="588" ind1=" " ind2=" "><marc:subfield code="a">Description based on online resource; title from PDF title page (NPS.gov website, viewed January 22, 2020).</marc:subfield></marc:datafield><marc:datafield tag="610" ind1="2" ind2="0"><marc:subfield code="a">Great Lakes Inventory and Monitoring Network (U.S.)</marc:subfield></marc:datafield><marc:datafield tag="651" ind1=" " ind2="0"><marc:subfield code="a">Great Lakes (North America)</marc:subfield></marc:datafield><marc:datafield tag="650" ind1=" " ind2="0"><marc:subfield code="a">Environmental monitoring</marc:subfield><marc:subfield code="z">Great Lakes (North America)</marc:subfield></marc:datafield><marc:datafield tag="650" ind1=" " ind2="0"><marc:subfield code="a">Rivers</marc:subfield><marc:subfield code="z">United States.</marc:subfield></marc:datafield><marc:datafield tag="650" ind1=" " ind2="0"><marc:subfield code="a">Water quality</marc:subfield><marc:subfield code="x">Measurement.</marc:subfield></marc:datafield><marc:datafield tag="650" ind1=" " ind2="0"><marc:subfield code="a">Water quality management.</marc:subfield></marc:datafield><marc:datafield tag="700" ind1="1" ind2=" "><marc:subfield code="a">Engstrom, Daniel,</marc:subfield><marc:subfield code="e">author.</marc:subfield></marc:datafield><marc:datafield tag="700" ind1="1" ind2=" "><marc:subfield code="a">Elias, Joan,</marc:subfield><marc:subfield code="e">author.</marc:subfield></marc:datafield><marc:datafield tag="710" ind1="2" ind2=" "><marc:subfield code="a">Natural Resource Program Center (U.S.),</marc:subfield><marc:subfield code="e">issuing body.</marc:subfield></marc:datafield><marc:datafield tag="830" ind1=" " ind2="0"><marc:subfield code="a">Natural resources report ;</marc:subfield><marc:subfield code="v">2008/060.</marc:subfield></marc:datafield><marc:datafield tag="856" ind1="4" ind2="0"><marc:subfield code="u">http://purl.fdlp.gov/GPO/gpo79567</marc:subfield></marc:datafield><marc:datafield tag="856" ind1="4" ind2=" "><marc:subfield code="z">Address at time of PURL creation</marc:subfield><marc:subfield code="u">https://irma.nps.gov/Datastore/DownloadFile/461406</marc:subfield></marc:datafield><marc:datafield tag="994" ind1=" " ind2=" "><marc:subfield code="a">C0</marc:subfield><marc:subfield code="b">GPO</marc:subfield></marc:datafield><marc:datafield tag="049" ind1=" " ind2=" "><marc:subfield code="a">XZL4</marc:subfield></marc:datafield><marc:datafield tag="922" ind1=" " ind2=" "><marc:subfield code="a">BIBCONEW</marc:subfield></marc:datafield><marc:datafield tag="955" ind1=" " ind2=" "><marc:subfield code="a">bc76 20200122</marc:subfield><marc:subfield code="b">20200122</marc:subfield></marc:datafield></marc:record>